ABNANL2A
940
ABNANL2A
:20:ABN AMRO BANK NV
:25:555555555
:28:2001/1
:60F:C150116EUR10000,00
:61:1501200120C10,5N654NONREF
:86:/TRTP/ACCEPTGIROBETALING/IBAN/NL86INGB0002445588/BIC/INGBNL2A
/NAME/BELASTINGDIENST/REMI/ISSUER: CUR                  REF: 4420
043232693268/EREF/NOTPROVIDED
:62F:C150120EUR10010,00
-
