ABNANL2A
940
ABNANL2A
:20:ABN AMRO BANK NV
:25:555555555
:28:2001/1
:60F:C150116EUR10000,00
:61:1501200120C10,5N654NONREF
:86:SEPA OVERBOEKING                 IBAN: NL56CHAS0101010101
BIC: CHASNL2XXXX                 NAAM: AA GHGHGH NETHERLANDS B.V.
OMSCHRIJVING: 1412DEC 2015 CONSU LTING
KENMERK: 7541410
:62F:C150120EUR10010,00
-
