ABNANL2A
940
ABNANL2A
:20:ABN AMRO BANK NV
:25:555555555
:28:2001/1
:60F:C150116EUR10000,00
:61:1501200120C10,5N654NONREF
:86:SEPA INCASSO ALGEMEEN DOORLOPEND INCASSANT: NL40ZZZ878787780000
NAAM: BHBBAAA B.V.              MACHTIGING: BHV001
OMSCHRIJVING: MAANDTERMIJN JANUA RI
IBAN: NL83RABO0353535355         KENMERK: AA 2014-11-11 10:20:47/
0000000007
:62F:C150120EUR10010,00
-
