ABNANL2A
940
ABNANL2A
:20:ABN AMRO BANK NV
:25:555555555
:28:2001/1
:60F:C150116EUR10000,00
:61:1501200120C10,5N654NONREF
:86:/TRTP/IDEAL/IBAN/NL30ABNA0122365478/BIC/ABNANL2A/NAME/ABC POPPIE
KLAMNAET/REMI/K00023345Mq235234 0045623157461347 FACTUUR 10530 000
848KLAOCFTUIOMFND/EREF/11-09-2015 12:00 0045623157461347
:62F:C150120EUR10010,00
-
