:940:
:20:940S140723
:25:NL50RABO0156750961 EUR
:28C:0
:60F:C140722EUR000000768,18
:61:140722D0000000672,66N505NONREF
NL86RABO3462483153
:86:/BENM//NAME/ZILVERLINE B.V./ISDT/2014-07-22
:61:140723C0000000429,14N541EREF
NL93ABNA0617558213
:86:/EREF/1407220203722001/ORDP//NAME/COMPANY B V/ADDR/STATIONSSTRAA
T 79 3811 MH AMERSFOORT NL/REMI/2037 201407-323/201407-322/201407
-3 27/201406-309/201406-310/ISDT/2014-07-23
:62F:C140723EUR000000000996,53
