:20:DEUTDEFFXXXX
:25:233025/40069462
:28C:00059/001
:60F:C140324EUR0,00
:61:1403250326C3,99NTRFNONREF//8848037917407749
:86:166?00SEPA-GUTSCHRIFT?101717/682?20EREF+NOTPROVIDED?21SVWZ+DE38XX
Z76536723768 335?960.484.7561 7SF91D5 DFA48?30GENODE61KA1?31DE42
2938944551657098369?32PETRA TESTER
:61:140328C0,01NDDT15976//96550046549608644
:86:171?00SEPA-LASTSCHRIFT EINR.?685665/987?20EREF+D979899680037A3DFA
78E4?2A5315095381?22KREF+43478?23SVWZ+7458.6345.6353 SEPA-DI?24R
ECT-DEBIT-DT.-BANK-1 HALLO?25WELT.IHRE REFERENZ: 766413?30GENODEM
1MSS?31DE04400694620000233025?32PETER TESTER
:62M:C140325EUR5,87