:940:
:20:940S140605
:25:NL50RABO0156750961 EUR
:28C:0
:60F:C140604EUR000000173379,30
:61:140605D000000000120,83N544EREF            
NL73RBOS0507550730
:86:/EREF/201405-258/ORDP//NAME/ECOMMERCE INDUSTRIES INC EUROPE B.V
/ADDR/SIRIUSDREEF 64 NETHERLANDS NL/ISDT/2014-06-05
:61:140606D000000000016,38N544EREF            
NL82KRED0633019143
:62F:C140605EUR000000189597,70





