:940:
:20:940S130403
:25:NL50RABO9123456789
:28C:0
:60F:C130402EUR000000000000,00
:61:130403C000000000100,00N102EREF
NL96RBOS0523149468
:86:/EREF/02-04-2013 22:56 1120000153447185/BENM//NAME/Nespresso Nede
rland B.V./REMI/674725433 1120000153447185 14144467636004962
/ISDT/2013-04-03
:62F:C130403EUR00000000100,00
