:940:
:20:940S130403
:25:NL50RABO0123456789
:28C:0
:60F:C130402EUR000000005000,00
:61:140303D000000000100,00N544EREF
NL12INGB0987654321
:86:/EREF/195937094/BENM//NAME/abcdefghijklmno abcdef/REMI/Factuur 20
14-002/ISDT/2014-03-03
:61:140303D000000000000,01N544EREF
NL12INGB0987654321
:86:/EREF/195937094/BENM//NAME/abcdefghijklmno abcdef/REMI/Factuur 20
14-002/ISDT/2014-03-03
:62F:C130403EUR000000005100,00
