:940:
:20:940A121001
:25:2121.21.211EUR                     
:28:00000/00
:60F:C120928EUR000000017431,67
:61:121001D000000000050,00N0701313131319      J. DOE                           
:86:Incasso deposit Savings Account
:62F:C121001EUR000000017381,67
:20:940A121002
:25:2121.21.211EUR                     
:28:00000/00
:60F:C121001EUR000000017381,67
:62F:C121002EUR000000017381,67
:20:940A121003
:25:2121.21.211EUR                     
:28:00000/00
:60F:C121002EUR000000017381,67
:62F:C121003EUR000000017381,67
:20:940A121004
:25:2121.21.211EUR                     
:28:00000/00
:60F:C121003EUR000000017381,67
:61:121001D000000000030,25N093NONREF          Kosten                            
:86:Periode 01-07-2012 t/m 30-09-2012                                
:62F:C121004EUR000000017351,42
:20:940A121005
:25:2121.21.211EUR                     
:28:00000/00
:60F:C121004EUR000000017351,42
:62F:C121005EUR000000017351,42
:20:940A121008
:25:2121.21.211EUR                     
:28:00000/00
:60F:C121005EUR000000017351,42
:61:121008D000000000190,14N0600101000731      INSURRANCE                        
:86:BETALINGSKENM.  490022201282                                     
:86:ARBEIDS ONG. VERZ. 00333333333                                   
:86:PERIODE 06.10.2012 - 06.11.2012                                  
:62F:C121008EUR000000017161,28
:20:940A121009
:25:2121.21.211EUR                     
:28:00000/00
:60F:C121008EUR000000017161,28
:62F:C121009EUR000000017161,28
:20:940A121010
:25:2121.21.211EUR                     
:28:00000/00
:60F:C121009EUR000000017161,28
:62F:C121010EUR000000017161,28
:20:940A121011
:25:2121.21.211EUR                     
:28:00000/00
:60F:C121010EUR000000017161,28
:62F:C121011EUR000000017161,28
:20:940A121012
:25:2121.21.211EUR                     
:28:00000/00
:60F:C121011EUR000000017161,28
:62F:C121012EUR000000017161,28
:20:940A121015
:25:2121.21.211EUR                     
:28:00000/00
:60F:C121012EUR000000017161,28
:61:121014D000000000037,50N0710121212122      NEWPAPER                             
:86:L20129999 741                                                    
:61:121014D000000000037,50N0710121212122      NEWPAPER                             
:86:L20119999 741                                                    
:62F:C121015EUR000000017086,28
:20:940A121016
:25:2121.21.211EUR                     
:28:00000/00
:60F:C121015EUR000000017086,28
:62F:C121016EUR000000017086,28
:20:940A121017
:25:2121.21.211EUR                     
:28:00000/00
:60F:C121016EUR000000017086,28
:61:121017D000000000088,06N0710454545454      Accountant                             
:86:factuur 201232621                                                
:61:121017C000000012100,00N1270987654321      COMPANY B.V.          
:86:Invoice                                                    
:62F:C121017EUR000000029098,22
:20:940A121018
:25:2121.21.211EUR                     
:28:00000/00
:60F:C121017EUR000000029098,22
:62F:C121018EUR000000029098,22
:20:940A121019
:25:2121.21.211EUR                     
:28:00000/00
:60F:C121018EUR000000029098,22
:61:121019D000000004019,23N5090767676767      J. DOE EO                        
:86:salaris                                                          
:62F:C121019EUR000000025078,99
:20:940A121022
:25:2121.21.211EUR                     
:28:00000/00
:60F:C121019EUR000000025078,99
:62F:C121022EUR000000025078,99
:20:940A121023
:25:2121.21.211EUR                     
:28:00000/00
:60F:C121022EUR000000025078,99
:62F:C121023EUR000000025078,99
:20:940A121024
:25:2121.21.211EUR                     
:28:00000/00
:60F:C121023EUR000000025078,99
:62F:C121024EUR000000025078,99
:20:940A121025
:25:2121.21.211EUR                     
:28:00000/00
:60F:C121024EUR000000025078,99
:61:121025D000000003076,00N084P002445588      Belastingdienst                   
:86:BETALINGSKENM.  2828282828282828                                 
:62F:C121025EUR000000022002,99
:20:940A121026
:25:2121.21.211EUR                     
:28:00000/00
:60F:C121025EUR000000022002,99
:61:121026D000000005327,00N084P002445588      Belastingdienst                   
:86:BETALINGSKENM.  3838383838383838                                 
:61:121026D000000010000,00N0716666666666      J. DOE Holding B.V.               
:62F:C121026EUR000000006675,99
:20:940A121029
:25:2121.21.211EUR                     
:28:00000/00
:60F:C121026EUR000000006675,99
:62F:C121029EUR000000006675,99
:20:940A121030
:25:2121.21.211EUR                     
:28:00000/00
:60F:C121029EUR000000006675,99
:62F:C121030EUR000000006675,99
:20:940A121031
:25:2121.21.211EUR                     
:28:00000/00
:60F:C121030EUR000000006675,99
:62F:C121031EUR000000006675,99
