:20:1605781242822/1
:25:TRIODOSBANK/1234567890
:28:1
:60F:C201117EUR4665,47
:61:201117D122,28NID NONREF
:86:000>100000000000
>20RABONL2U
>21NL13RABO0123456789
>22RABO BETAALVERZOEK ORDERNUM>23MER NL26RABO1234567890 / TR
>24ANSACTIENUMMER 001234567890>253456 / 16-11-20 19:02 / T.P
>26. DEN EO X. TUI-SXDCF:VOORG>27ESCH:
>311234567890
:62F:C201118EUR3987,01
