0000 01FVLBNL22AXXX00059
0000 01FVLBNL22AXXX00059
940 00
:20:FVLOLB
:25:0878787878                         
:28C:019
:60F:C140401EUR3592,00
:61:140331D20,92NXXXNONREF
:86:AAAAAAAAA SFDADSFG         asdfASDFASDF     ASDFASFAS
ERIODE: 01-01-2014 / 31-03-2014                                  
:62F:C140403EUR3571,08
:86:D000001C000000D20,92C0,00
-XXX
