0000 01FVLBNL22AXXX00042
0000 01FVLBNL22AXXX00042
940 00
:20:FVLOLB
:25:0878787878                         
:28C:002
:60F:C140103EUR5053,33
:61:140110C2716,76NXXX0130045721
:86:/TRTP/SEPA Overboeking/IBAN/NL81RABO0444444444/BIC/RABONL2U/NAME/
ABDFGEKSLJFN ASLDJDKE B.V/REMI/201400-001/EREF/333333333
:62F:C140110EUR7770,09
:86:D000000C000001D0,00C2716,76
-XXX
0000 01FVLBNL22AXXX00043
0000 01FVLBNL22AXXX00043
940 00
:20:FVLOLB
:25:0878787878                         
:28C:003
:60F:C140110EUR7770,09
:61:140113D111,00NXXX0002445588
:86:/TRTP/SEPA Overboeking/IBAN/NL86INGB0002445588/BIC/INGBNL2A/NAME/
belastingdienst/REMI/2222.44.111.B.02.444.0
:61:140113D1993,00NXXX0002445588
:86:/TRTP/SEPA Overboeking/IBAN/NL86INGB0002445588/BIC/INGBNL2A/NAME/
belastingdienst/REMI/7777 4444 2222 0000
:62F:C140113EUR5666,09
:86:D000002C000000D2104,00C0,00
-XXX
0000 01FVLBNL22AXXX00044
0000 01FVLBNL22AXXX00044
940 00
:20:FVLOLB
:25:0878787878                         
:28C:004
:60F:C140113EUR5666,09
:61:140122D816,75NXXX0130138568
:86:/TRTP/SEPA Incasso/CSID/NL72BAS555444333000/NAME/BEN/MARF/BEN1234
09999999999999999990/IBAN/NL80RABO0676767676/BIC/RABONL2U/REMI/Ke
nmerk: 1234.4321.0000.5555 Omschrijving: 123123444 01-01-2014  3 
MND 8888888888 Servicecontract/EREF/1234432100005555
:62F:C140122EUR4849,34
:86:D000001C000000D816,75C0,00
-XXX
