:940:
:20:940S170606
:25:NL84RABO01212121212 EUR
:28C:17109
:60F:C170605EUR000000010000,50
:61:170606C000000001000,00N541EREF
NL55RABO044444444
:86:/MARF/64646464646464646/EREF/3434343434343/ORDP//NAME/Delta Lloy
d Zorgverzekeringen/REMI/kenmerk 4082412175836145 Rel.nr. 8888888
900 Periode 01-01-2018/31-01-2018 Arrap xxxxx yyyyyyyyyyyyyy -
-
:62F:C170606EUR000000011000,50
