:940:
:20:940S170606
:25:NL84RABO01212121212 EUR
:28C:17109
:60F:C170605EUR000000010000,50
:61:170606C000000001000,00N541EREF
NL55RABO044444444
:86:/EREF/201700101-2222222/ORDP//NAME/STG. KLANTGELDEN SEPAY/ADDR/Dr.
 Huisstraaaat 99 1000AA 'S-GRAVENHAGE Nederland NL/REMI//REMI/AFR
EK. BETAALAUTOMAAT MaestroREFNR. H6MJV5DAT. 20170601 AANT. 11
:62F:C170606EUR000000011000,50
