:940:
:20:940S170606
:25:NL84RABO01212121212 EUR
:28C:17109
:60F:C170605EUR000000010000,50
:61:170606C000000001000,00N541EREF
NL55RABO044444444
:86:/EREF/REF17/22/4444 555555/DEC- 16/ORDP//NAME/AAAAAA RRRRRRRRRRR
BBBBB DFDFDFDFDFDFDF CCC/ADDR/Postbus 1111 2222 BB STADJES NL/REM
I/BETALINGSKENM.: 342157/DEC- 16, ONZE REF.: 12345678, TOELICHTIN
B: Gruitjes
:62F:C170606EUR000000011000,50
