:940:
:20:940A120918
:25:1567.50.961EUR
:28:00000/00
:60F:C120917EUR000000009265,12
:61:120918D000000006098,75N084P002445588      Belastingdienst Apeldoor
:86:BETALINGSKENM.  0189827218201120
:61:120918D000000000500,00N0620266050522      Arvato Fin Serv Ltd
:86:BETALINGSKENM.  3010675705
:86:GOOGLE GOOG6291713437
:86:1402786401
:62F:C120918EUR000000002666,37
:20:940A121024
:25:9914.30.727EUR
:28:00000/00
:60F:C121023EUR000000000352,84
:62F:C121024EUR000000000352,84
:20:940A121101
:25:3462.483.153 EUR
:28:00000/00
:60F:C121101EUR000000005000,00
:62F:C121101EUR000000005000,00
:20:940A121029
:25:1325.76.155EUR
:28:00000/00
:60F:D121026EUR000000000012,00
:61:121028C000000000250,00N6990156750961      ZILVERLINE B.V. /FREEMLE
:86:Saldo aanvullen
:62F:C121029EUR000000000238,00
