{1:F01SNSBNL2AXXXX0000000000}{2:O94000000000000000000000000000000000000000N}{3:}{4:
:20:0000000000
:25:NL16SNSB1234567809
:28C:19/1
:60F:C140119EUR534,03
:61:1401010119C12,45NRNT
:86: 
                                                                 
creditrente                     01-01-13 tot 01-01-14            
                                                                 
                                                                 
                                                                 
:62F:C140119EUR546,48
-}{5:}
{1:F01SNSBNL2AXXXX0000000000}{2:O94000000000000000000000000000000000000000N}{3:}{4:
:20:0000000000
:25:NL16SNSB1234567809
:28C:20/1
:60F:C140120EUR546,48
:62F:C140120EUR546,48
-}{5:}
{1:F01SNSBNL2AXXXX0000000000}{2:O94000000000000000000000000000000000000000N}{3:}{4:
:20:0000000000
:25:NL16SNSB1234567809
:28C:252/1
:60F:C140909EUR546,48
:62F:C140909EUR546,48
-}{5:}
{1:F01SNSBNL2AXXXX0000000000}{2:O94000000000000000000000000000000000000000N}{3:}{4:
:20:0000000000
:25:NL16SNSB1234567809
:28C:253/1
:60F:C140910EUR546,48
:61:1409100910C15000,00NOVBNL11RABO0987654321
f. spark bedrijf n.v.
:86:NL11RABO0987654321 f. spark bedrijf n.v.
                                                                 
358857495-nl11rabo0987654321-f. spark bedrijf n.v.                 
                                                                 
                                                                 
                                                                 
:62F:C140910EUR15546,48
-}{5:}
{1:F01SNSBNL2AXXXX0000000000}{2:O94000000000000000000000000000000000000000N}{3:}{4:
:20:0000000000
:25:NL16SNSB1234567809
:28C:254/1
:60F:C140911EUR15546,48
:62F:C140911EUR15546,48
-}{5:}
{1:F01SNSBNL2AXXXX0000000000}{2:O94000000000000000000000000000000000000000N}{3:}{4:
:20:0000000000
:25:NL16SNSB1234567809
:28C:255/1
:60F:C140912EUR15546,48
:62F:C140912EUR15546,48
-}{5:}
{1:F01SNSBNL2AXXXX0000000000}{2:O94000000000000000000000000000000000000000N}{3:}{4:
:20:0000000000
:25:NL16SNSB1234567809
:28C:256/1
:60F:C140913EUR15546,48
:62F:C140913EUR15546,48
-}{5:}
{1:F01SNSBNL2AXXXX0000000000}{2:O94000000000000000000000000000000000000000N}{3:}{4:
:20:0000000000
:25:NL16SNSB1234567809
:28C:257/1
:60F:C140914EUR15546,48
:62F:C140914EUR15546,48
-}{5:}
{1:F01SNSBNL2AXXXX0000000000}{2:O94000000000000000000000000000000000000000N}{3:}{4:
:20:0000000000
:25:NL16SNSB1234567809
:28C:258/1
:60F:C140915EUR15546,48
:61:1409150915C10000,00NOVBNL11RABO0987654321
f. spark bedrijf n.v.
:86:NL11RABO0987654321 f. spark bedrijf n.v.
                                                                 
362249636-nl11rabo0987654321-f. spark bedrijf n.v.                 
                                                                 
                                                                 
                                                                 
:62F:C140915EUR25546,48
-}{5:}
{1:F01SNSBNL2AXXXX0000000000}{2:O94000000000000000000000000000000000000000N}{3:}{4:
:20:0000000000
:25:NL16SNSB1234567809
:28C:259/1
:60F:C140916EUR25546,48
:62F:C140916EUR25546,48
-}{5:}
{1:F01SNSBNL2AXXXX0000000000}{2:O94000000000000000000000000000000000000000N}{3:}{4:
:20:0000000000
:25:NL16SNSB1234567809
:28C:260/1
:60F:C140917EUR25546,48
:62F:C140917EUR25546,48
-}{5:}
{1:F01SNSBNL2AXXXX0000000000}{2:O94000000000000000000000000000000000000000N}{3:}{4:
:20:0000000000
:25:NL16SNSB1234567809
:28C:261/1
:60F:C140918EUR25546,48
:62F:C140918EUR25546,48
-}{5:}
{1:F01SNSBNL2AXXXX0000000000}{2:O94000000000000000000000000000000000000000N}{3:}{4:
:20:0000000000
:25:NL16SNSB1234567809
:28C:262/1
:60F:C140919EUR25546,48
:62F:C140919EUR25546,48
-}{5:}
{1:F01SNSBNL2AXXXX0000000000}{2:O94000000000000000000000000000000000000000N}{3:}{4:
:20:0000000000
:25:NL16SNSB1234567809
:28C:263/1
:60F:C140920EUR25546,48
:62F:C140920EUR25546,48
-}{5:}
{1:F01SNSBNL2AXXXX0000000000}{2:O94000000000000000000000000000000000000000N}{3:}{4:
:20:0000000000
:25:NL16SNSB1234567809
:28C:264/1
:60F:C140921EUR25546,48
:62F:C140921EUR25546,48
-}{5:}
{1:F01SNSBNL2AXXXX0000000000}{2:O94000000000000000000000000000000000000000N}{3:}{4:
:20:0000000000
:25:NL16SNSB1234567809
:28C:265/1
:60F:C140922EUR25546,48
:61:1409220922C20000,00NOVBNL11RABO0987654321
f. spark bedrijf n.v.
:86:NL11RABO0987654321 f. spark bedrijf n.v.
                                                                 
366919158-nl11rabo0987654321-f. spark bedrijf n.v.                 
                                                                 
                                                                 
                                                                 
:62F:C140922EUR45546,48
-}{5:}
