{1:F01SNSBNL2AXXXX0000000000}{2:O94000000000000000000000000000000000000000N}{3:}{4:
:20:0000000000
:25:NL51SNSB0112233440
:28C:3/1
:60F:C150103EUR10000,00
:61:1501130113D100,00NACC0002445588//1234432112344321
belastingdienst
:86:0002445588 belastingdienst
                                                                 
AAN BELASTINGDIENST,NL86INGB0002445588,SCT20150113432100000000009
44                                                               
                                                                 
                                                                 
:62F:C150103EUR9900,00
-}{5:}
