{1:F01KNABNL2HAXXX0000000000}{2:I940KNABNL2HXXXXN3020}{4:
:20:AHDHDHDHDHDHDHD
:25:NL92KNAB0123123123
:28C:75/1
:60F:C160425EUR01000,00
:61:1604250425D10,00N1320F2EC8AD446A4537//FHFHFHFHFHFHFHFH
:86:/TRTP/SEPA INCASSO DOORLOPEND/IBAN/NL52RBOS0343434343/BIC/KNABNL2
HXXX/NAME/ABLAS/CSID/NL12 ZZZ 777777777777/MARF/007-M157303302
/EREF/DD2EFGAD446A45379D13C0DHDHDHDHAS/REMI/ABLAS:9999999999, FAC
TUURNUMMER:88888888
:62F:C160426EUR0990,00
-}
