{1:F01KNABNL2HAXXX0000000000}{2:I940KNABNL2HXXXXN3020}{4:
:20:ABCDEFG123343545
:25:0123456789
:28C:1/1
:60F:C141024EUR0,
:61:1410241024C1000,NTRFNONREF//ABC9886658908791
:86:REK: NL26ABNA0999999999/NAAM: BEDRIJF VOF
:61:1410241024C10,NTRFNONREF//AB1211111111111
:86:DIT IS EEN OMSCHRIJVING DIE BEST WEL LANG IS
REK: NL76INGB0444444444/NAAM: STICHTING DERDEN JAAP JANSSEN
:62F:C141027EUR1010,
-}
