{1:F01KNABNL2HAXXX0000000000}{2:I940KNABNL2HXXXXN3020}{4:
:20:B123123123123122
:25:NL92KNAB0123123123
:28C:74/1
:60F:C160422EUR01000,00
:61:1604220422C10,00N1103111211AA002222//A123123123123122
:86:/TRTP/SEPA OVERBOEKING/IBAN/NL61RABO0242424242/BIC/KNABNL2HXXX
/NAME/ABABABABA AAAA SSSSSS/EREF/3111211AA002222/REMI/201604-00
5 
:62F:C160425EUR01010,00
-}
