{1:F01KNABNL2HAXXX0000000000}{2:I940KNABNL2HXXXXN3020}{4:
:20:AHDHDHDHDHDHDHD
:25:NL92KNAB0123123123
:28C:75/1
:60F:C160425EUR01000,00
:61:1604250425D1,N20025-04-2016 16:21//FHFHFHFHFHFHFHFH
:86:/TRTP/IDEAL BETALING/IBAN/NL51ABNA0393939393/BIC/ABNANL2AXXX
/NAME/ABSCS/REMI/1717171717171711 6868686868686868 FHFHA-XXXXXXXX
AREWERT - DD 1234 GHAKDLLLA4AAA
:62F:C160426EUR0999,00
-}
