{1:F01KNABNL2HAXXX0000000000}{2:I940KNABNL2HXXXXN3020}{4:
:20:ABG34MSFKJ11FACJ
:25:0245124512
:28C:45/1
:60F:C150709EUR1000,89
:61:1507090709D7,5NTRFNONREF//A4G08FD0A2121212
:86:LUTJEBROEK 09-07-2015 12:45 PAS: 2222
NAAM: BVN
{1:F01KNABNL2HAXXX0000000000}{2:I940KNABNL2HXXXXN3020}{4:
:20:B5G14MSSHL2NGC26
:25:0245124512
:28C:46/1
:60F:C150713EUR1500,85
:61:1507130713D50,00NTRFNONREF//A4G08FD0A2121313
:86:TUINDORP 13-07-2015 16:30 PAS: 2222
NAAM: BLOEMIST PETERSEN
:62F:C150714EUR1450,85
-}
