{1:F01KNABNL2HAXXX0000000000}{2:I940KNABNL2HXXXXN3020}{4:
:20:AHDHDHDHDHDHDHD
:25:NL92KNAB0123123123
:28C:75/1
:60F:C160425EUR01000,00
:61:1604250425D10,N105NONREF//ASFKJASDFKJASDFD
:86:/TRTP/SEPA ACCEPTGIRO/IBAN/NL86INGB0002445588/BIC/INGBNL2AXXX
/NAME/BELASTINGDIENST/EREF/6767676767676766/REMI/AANGIFTE LOONHEF
FINGEN APRIL 1234 5678 1234 5678
                                 6767676767676766
:62F:C160426EUR0990,00
-}
