{1:F01INGBNL2ABXXX0000000000}
{2:I940INGBNL2AXXXN}
{4:
:20:P140316000000001
:25:NL54INGB0001234500EUR
:28C:00000
:60F:C150226EUR3000,00
:61:1403090309D1500,00NTRFNONREF//12340001234455
/TRCD/00370/
:86:/CNTP/0001234500////
:62F:C140315EUR1500,00
:64:C140315EUR1500,00
:65:C140316EUR1500,00
:65:C140317EUR1500,00
:86:/SUM/18/1/4445,32/9998,43/
-}
