0000 01INGBNL2AXXXX00001
0000 01INGBNL2AXXXX00001
940 00
:20:MPBZ
:25:0001234567
:28C:000
:60F:C131231EUR1000,00
:61:131231D50,00NIC MARF
:86:Europese Incasso, doorlopend NL58INGB0000003000 INGBNL2A JAAPJAAP
 FIETS PAPIER QWDFDFGGASDFGDSFGS NV NL10XXX100020000000 S EPA 01000
00000000 000000000000-AAAA12345678 Premie xxxxxxxxxxxxxxxxxxxxxxx
:62F:C131231EUR950,00
:64:C131231EUR950,00
:65:C131231EUR950,00
:86:D000046C000017D10000,18C20000,00
-XXX

