0000 01INGBNL2AXXXX00001
0000 01INGBNL2AXXXX00001
940 00
:20:MPBZ
:25:0001234567
:28C:000
:60F:C131231EUR1000,00
:61:131231D050,97NIC MARF
:86:Europese Incasso, doorlopend BB123456789876567898 CITIATWX Google
 Ireland Limited GB40G01SDDCITI00000011091334 SEPA 9087653421 NL0
001MKXD ADWORDS:3455667788:NL0001MKXD
:62F:C131231EUR950,00
:64:C131231EUR950,00
:65:C131231EUR950,00
:86:D000046C000017D10000,18C20000,00
-XXX

