0000 01INGBNL2AXXXX00001
0000 01INGBNL2AXXXX00001
940 00
:20:MPBZ
:25:0001234567
:28C:000
:60F:C131231EUR1000,00
:61:140122D50,00NIC MARF
:86:Europese Incasso, doorlopend NL80RABO0123456789 RABONL2U BOB NL72
BOB998877665544 SEPA BOB213654789387485940392049 1234567898765432
 Kenmerk: 3333.1111.2222.3333 Omschrijving: 987654321 01-01-2012
  3 MND 9878878787 Servicecontract
:62F:C131231EUR950,00
:64:C131231EUR950,00
:65:C131231EUR950,00
:86:D000046C000017D10000,18C20000,00
-XXX

