{1:F01INGBNL2ABXXX0000000000}
{2:I940INGBNL2AXXXN}
{4:
:20:P151001000000001
:25:NL62INGB0001212121EUR
:28C:00000
:60F:C150127EUR10000,00
:61:1501280128D100,00NTRFAMS987654321-2//45674567456745
/TRCD/00100/
:86:/CNTP/NL86INGB0002445588/INGBNL2A/BELASTINGDIENST//
:62F:C150128EUR9900,00
:64:C150128EUR9900,00
:65:C150129EUR9900,00
:65:C150130EUR9900,00
:86:/SUM/3/0/100,00/0,00/
-}
