{1:F01INGBNL2ABXXX0000000000}
{2:I940INGBNL2AXXXN}
{4:
:20:P151002000000001
:25:NL62INGB0006868686EUR
:28C:00000
:60F:C150304EUR10000,00
:61:1503100310D10,00NDDTEREF//15069021961175
/TRCD/01018/
:86:/EREF/400313131313//MARF/2.34567890//CSID/NL11AAA441212121212
//CNTP/NL21BASN0272727272/COBANL2XXXX/T-Mobile Netherlands BV///R
EMI/USTD//Factuurnummer 858585858585//PURP/OTHR/
:62F:C150310EUR9990,00
:64:C150310EUR9990,00
:65:C150311EUR9990,00
:65:C150312EUR9990,00
:86:/SUM/2/0/10,00/0,00/
-}
