{1:F01INGBNL2ABXXX0000000000}
{2:I940INGBNL2AXXXN}
{4:
:20:P170602000000001
:25:NL47INGB0001212121EUR
:28C:00000
:60F:C170517EUR10000,00
:61:1706010601D100,00NDDTEREF//6666666666666
/TRCD/01018/
:86:/EREF/0000008668-0000000000-001//MARF/00004444-001//CSID/NL53
ZZZ341191060000//CNTP/NL88INGB0999999999/INGBNL2A/RAAMEN NV///REM
I/USTD//KASSA VERZAMELFACTUUR DINSDAG 2 ABC-654321 05/31/2017 00
:00:00/
:62F:C170601EUR9900,00
:64:C170601EUR9900,00
:65:C170602EUR9900,00
:65:C170603EUR9900,00
:86:/SUM/1/1/100,00/100,00/
-}
