{1:F01INGBNL2ABXXX0000000000}
{2:I940INGBNL2AXXXN}
{4:
:20:P151001000000001
:25:NL62INGB0001212121EUR
:28C:00000
:60F:C150127EUR10000,00
:61:1501270324D100,00NCHGFTE3385773 01//56565656565656
/TRCD/11111/
:86:/REMI/USTD//Trans.Reference:FTE7654321 01   ING-id: GE0000000
426065         EUR 1.000,00                    Account: NL62INGB0
000121212     Transfer provisie: EUR 100,00/
:62F:C150128EUR9900,00
:64:C150128EUR9900,00
:65:C150129EUR9900,00
:65:C150130EUR9900,00
:86:/SUM/3/0/100,00/0,00/
-}
