{1:F01INGBNL2ABXXX0000000000}
{2:I940INGBNL2AXXXN}
{4:
:20:P150404000000001
:25:NL62INGB0001234567EUR
:28C:00000
:60F:C150401EUR16333,06
:61:1504020402D38,42NDDTEREF//15092224428405
/TRCD/01018/
:86:/EREF/501810557591//MARF/1.14332853//CSID/NL93ZZZ332656790051
//CNTP/NL12COBA0733959555/COBANL2XXXX/B ASDGF Netherlands BV///R
EMI/USTD//Factuurnummer 987654321098//PURP/OTHR/
:62F:C150403EUR16294,64
:64:C150403EUR16294,64
:65:C150404EUR16294,64
:65:C150405EUR16294,64
:86:/SUM/1/0/38,42/0,00/
-}
