{1:F01INGBNL2ABXXX0000000000}
{2:I940INGBNL2AXXXN}
{4:
:20:P150930000000001
:25:NL62INGB0001231231EUR
:28C:00000
:60F:C150727EUR10000,00
:61:1507280728D10,00NCHGNONREF//98989898989898
/TRCD/09001/
:86:/REMI/USTD//RC afrekening betalingsverkeer  Factuurnr. 121212
7756           Betreft rekening 33.33.333      Periode: 01-04-201
4 / 30-06-2014/
:62F:C150810EUR9990,00
:64:C150810EUR9990,00
:65:C150811EUR9990,00
:65:C150812EUR9990,00
:86:/SUM/6/2/10,00/501,00/
-}
